@article{SED,
  title={Sedimentation of a suspension of rods: Monte Carlo simulation
of a continuous two-dimensional problem},
  author={Lebovka, Nikolai I and Tarasevich, Yuri Yu and Bulavin, Leonid A and Kovalchuk, Valery I and Vygornitskii, Nikolai V},
  journal ={Physical Review},
  year={2019}
}
@article{BD,
  title={Brownian dynamics and dynamic Monte Carlo simulations of isotropic and liquid crystal phases of
anisotropic colloidal particles: A comparative study},
  author={Alessandro Patti, Alejandro Cuetos},
  journal ={Physical Review},
  year={2012}
}